@article{malik2008optimal,
  title={Optimal basic block instruction scheduling for multiple-issue processors using constraint programming},
  author={Malik, Abid M and McInnes, Jim and Van Beek, Peter},
  journal={International Journal on Artificial Intelligence Tools},
  volume={17},
  number={01},
  pages={37--54},
  year={2008},
  publisher={World Scientific}
}