@article{motwani1995combining,
  author={Motwani, Rajeev and Palem, Krishna V and Sarkar, Vivek and Reyen, Salem},
  title={Combining register allocation and instruction scheduling},
  journal={Courant Institute, New York University},
  year={1995}
}

@article{Pinter:1993:RAI:173262.155114,
  author={Pinter, Shlomit S.},
  title={Register Allocation with Instruction Scheduling},
  journal={SIGPLAN Not.},
  year={1993},
  volume={28},
  number={6},
  pages={248--257},
  month={jun}
}

@article{tyson2001evaluating,
  author={Tyson, Gary S and Smelyanskiy, Mikhail and Davidson, Edward S},
  title={Evaluating the use of register queues in software pipelined loops},
  journal={IEEE Transactions on Computers},
  year={2001},
  volume={50},
  number={8},
  pages={769--783}
}

@inproceedings{douillet2007software,
  author={Douillet, Alban and Gao, Guang R},
  title={Software-pipelining on multi-core architectures},
  booktitle={Proceedings of the 16th International Conference on Parallel Architecture and Compilation Techniques},
  year={2007},
  pages={39--48},
  organization={IEEE Computer Society}
}

@article{malik2008optimal,
  author={Malik, Abid M and McInnes, Jim and Van Beek, Peter},
  title={Optimal basic block instruction scheduling for multiple-issue processors using constraint programming},
  journal={International Journal on Artificial Intelligence Tools},
  year={2008},
  volume={17},
  number={01},
  pages={37--54}
}

@inproceedings{Anand:2007:MES:1321211.1321242,
  author={Anand, Christopher Kumar and Kahl, Wolfram},
  title={MultiLoop: Efficient Software Pipelining for Modern Hardware},
  booktitle={Proceedings of the 2007 Conference of the Center for Advanced Studies on Collaborative Research},
  year={2007},
  series={CASCON '07},
  pages={260--263},
  address={Riverton, NJ, USA},
  publisher={IBM Corp.}
}

@article{Schkufza:2016:SPO:2886013.2863701,
  author={Schkufza, Eric and Sharma, Rahul and Aiken, Alex},
  title={Stochastic Program Optimization},
  journal={Commun. ACM},
  year={2016},
  volume={59},
  number={2},
  pages={114--122},
  month={jan}
}
