@inproceedings{sanchez2011using,
  author={Sanchez, Ricardo Nabinger and Amaral, Jose Nelson and Szafron, Duane and Pirvu, Marius and Stoodley, Mark},
  title={Using machines to learn method-specific compilation strategies},
  booktitle={International Symposium on Code Generation and Optimization (CGO 2011)},
  year={2011},
  pages={257--266},
  organization={IEEE}
}

@inproceedings{wang2005instruction,
  author={Wang, Gang and Gong, Wenrui and Kastner, Ryan},
  title={Instruction scheduling using MAX-MIN ant system optimization},
  booktitle={Proceedings of the 15th ACM Great Lakes symposium on VLSI},
  year={2005},
  pages={44--49},
  organization={ACM}
}

@inproceedings{stephenson2003genetic,
  author={Stephenson, Mark and O’Reilly, Una-May and Martin, Martin C and Amarasinghe, Saman},
  title={Genetic programming applied to compiler heuristic optimization},
  booktitle={European conference on genetic programming},
  year={2003},
  pages={238--253},
  organization={Springer}
}

@inproceedings{kri2004genetic,
  author={Kri, Fernanda and Feeley, Marc},
  title={Genetic instruction scheduling and register allocation},
  booktitle={XXIV International Conference of the Chilean Computer Science Society},
  year={2004},
  pages={76--83},
  organization={IEEE}
}

@inproceedings{beaty1991genetic,
  author={Beaty, Steven J},
  title={Genetic algorithms and instruction scheduling},
  booktitle={MICRO},
  year={1991},
  volume={24},
  pages={206--211},
  organization={Citeseer}
}

@inproceedings{jakobovic2007genetic,
  author={Jakobovi{\'c}, Domagoj and Jelenkovi{\'c}, Leonardo and Budin, Leo},
  title={Genetic programming heuristics for multiple machine scheduling},
  booktitle={European Conference on Genetic Programming},
  year={2007},
  pages={321--330},
  organization={Springer}
}

@inproceedings{van2001fast,
  author={Van Beek, Peter and Wilken, Kent},
  title={Fast optimal instruction scheduling for single-issue processors with arbitrary latencies},
  booktitle={International conference on principles and practice of constraint programming},
  year={2001},
  pages={625--639},
  organization={Springer}
}

@inproceedings{kastner1999code,
  author={K{\"a}stner, Daniel and Langenbach, Marc},
  title={Code optimization by integer linear programming},
  booktitle={International Conference on Compiler Construction},
  year={1999},
  pages={122--136},
  organization={Springer}
}

@inproceedings{nagarakatte2007register,
  author={Nagarakatte, Santosh G and Govindarajan, R},
  title={Register allocation and optimal spill code scheduling in software pipelined loops using 0-1 integer linear programming formulation},
  booktitle={International Conference on Compiler Construction},
  year={2007},
  pages={126--140},
  organization={Springer}
}

@inproceedings{kastner2001ilp,
  author={K{\"a}stner, Daniel and Winkel, Sebastian},
  title={ILP-based Instruction Scheduling for IA-64},
  booktitle={ACM SIGPLAN Notices},
  year={2001},
  volume={36},
  number={8},
  pages={145--154},
  organization={ACM}
}

@article{chang1997using,
  author={Chang, Chia-Ming and Chen, Chien-Ming and King, Chung-Ta},
  title={Using integer linear programming for instruction scheduling and register allocation in multi-issue processors},
  journal={Computers \& Mathematics with Applications},
  year={1997},
  volume={34},
  number={9},
  pages={1--14}
}

@article{sarangal2018list,
  author={Sarangal, Akanksha and Kaur, Nirmal and Kaur, Ravreet},
  title={LIST SCHEDULING ALGORITHMS CLASSIFICATION: AN ANALYTICAL STUDY},
  journal={International Journal of Advanced Research in Computer Science},
  year={2018},
  volume={9},
  number={2},
  pages={385}
}

@article{wang2018list,
  author={Wang, Huijun and Sinnen, Oliver},
  title={List-scheduling versus cluster-scheduling},
  journal={IEEE Transactions on Parallel and Distributed Systems},
  year={2018},
  volume={29},
  number={8},
  pages={1736--1749}
}

@inproceedings{gibbons1986efficient,
  author={Gibbons, Philip B and Muchnick, Steven S},
  title={Efficient instruction scheduling for a pipelined architecture},
  booktitle={Acm sigplan notices},
  year={1986},
  volume={21},
  number={7},
  pages={11--16},
  organization={ACM}
}

@article{cooper1998experimental,
  author={Cooper, Keith D and Schielke, Philip J and Subramanian, Devika},
  title={An experimental evaluation of list scheduling},
  journal={TR98},
  year={1998},
  volume={326}
}

@misc{popescu1997processor,
  author={Popescu, Valeri and Schultz, Merle A and Gibson, Gary A and Spracklen, John E and Lightner, Bruce D},
  title={Processor architecture providing out-of-order execution},
  month={may # "~6"},
  year={1997},
  note={US Patent 5,627,983}
}

@inproceedings{stark1997reducing,
  author={Stark, Jared and Racunas, Paul and Patt, Yale N},
  title={Reducing the performance impact of instruction cache misses by writing instructions into the reservation stations out-of-order},
  booktitle={Proceedings of the 30th Annual ACM/IEEE International Symposium on Microarchitecture},
  year={1997},
  pages={34--43},
  organization={IEEE Computer Society}
}

@article{rau1996iterative,
  author={Rau, B Ramakrishna},
  title={Iterative modulo scheduling},
  journal={International Journal of Parallel Programming},
  year={1996},
  volume={24},
  number={1},
  pages={3--64}
}

@book{gosling2000java,
  author={Gosling, James and Joy, Bill and Steele, Guy and Bracha, Gilad},
  title={The Java language specification},
  publisher={Addison-Wesley Professional},
  year={2000}
}

@inproceedings{hagog2004swing,
  author={Hagog, Mostafa and Zaks, Ayal},
  title={Swing modulo scheduling for gcc},
  booktitle={Proceedings of the 2004 GCC Developers’ Summit},
  year={2004},
  pages={55--64}
}

@inproceedings{bouchez2007complexity,
  author={Bouchez, Florent and Darte, Alain and Rastello, Fabrice},
  title={On the complexity of register coalescing},
  booktitle={Proceedings of the International Symposium on Code Generation and Optimization},
  year={2007},
  pages={102--114},
  organization={IEEE Computer Society}
}

@book{jensen2011graph,
  author={Jensen, Tommy R and Toft, Bjarne},
  title={Graph coloring problems},
  publisher={John Wiley \& Sons},
  year={2011},
  volume={39}
}

@article{rau1989cydra,
  author={Rau, B. Ramakrishna and Yen, David W. L. and Yen, Wei and Towle, Ross A.},
  title={The Cydra 5 departmental supercomputer: Design philosophies, decisions, and trade-offs},
  journal={Computer},
  year={1989},
  volume={22},
  number={1},
  pages={12--35}
}

@inproceedings{valluri1998modulo,
  author={Valluri, Madhavi Gopal and Govindarajan, R},
  title={Modulo-variable expansion sensitive scheduling},
  booktitle={Proceedings. Fifth International Conference on High Performance Computing (Cat. No. 98EX238)},
  year={1998},
  pages={334--341},
  organization={IEEE}
}

@article{sima2000design,
  author={Sima, Dezso},
  title={The design space of register renaming techniques},
  journal={IEEE micro},
  year={2000},
  volume={20},
  number={5},
  pages={70--83}
}

@book{patterson2013computer,
  author={Patterson, David A and Hennessy, John L},
  title={Computer organization and design MIPS edition: the hardware/software interface},
  publisher={Newnes},
  year={2013}
}

@inproceedings{stephenson2003meta,
  author={Stephenson, Mark and Amarasinghe, Saman and Martin, Martin and O'Reilly, Una-May},
  title={Meta optimization: improving compiler heuristics with machine learning},
  booktitle={ACM SIGPLAN Notices},
  year={2003},
  volume={38},
  number={5},
  pages={77--90},
  organization={ACM}
}

@article{burke2013hyper,
  author={Burke, Edmund K and Gendreau, Michel and Hyde, Matthew and Kendall, Graham and Ochoa, Gabriela and {\"O}zcan, Ender and Qu, Rong},
  title={Hyper-heuristics: A survey of the state of the art},
  journal={Journal of the Operational Research Society},
  year={2013},
  volume={64},
  number={12},
  pages={1695--1724}
}

@article{tomasulo1967efficient,
  author={Tomasulo, Robert M},
  title={An efficient algorithm for exploiting multiple arithmetic units},
  journal={IBM Journal of research and Development},
  year={1967},
  volume={11},
  number={1},
  pages={25--33}
}

@incollection{hwu1993superblock,
  author={Hwu, Wen-Mei W and Mahlke, Scott A and Chen, William Y and Chang, Pohua P and Warter, Nancy J and Bringmann, Roger A and Ouellette, Roland G and Hank, Richard E and Kiyohara, Tokuzo and Haab, Grant E and others},
  title={The superblock: an effective technique for VLIW and superscalar compilation},
  booktitle={Instruction-Level Parallelism},
  publisher={Springer},
  year={1993},
  pages={229--248}
}

@article{zyuban2001inherently,
  author={Zyuban, Victor V and Kogge, Peter M},
  title={Inherently lower-power high-performance superscalar architectures},
  journal={IEEE Transactions on Computers},
  year={2001},
  volume={50},
  number={3},
  pages={268--285}
}

@book{fisher1983very,
  author={Fisher, Joseph A},
  title={Very long instruction word architectures and the ELI-512},
  publisher={ACM},
  year={1983},
  volume={11},
  number={3}
}

@article{fisher1981trace,
  author={Fisher, Joseph A.},
  title={Trace scheduling: A technique for global microcode compaction},
  journal={IEEE transactions on computers},
  year={1981},
  number={7},
  pages={478--490}
}

@techreport{fisher1979optimization,
  author={Fisher, Joseph A},
  title={Optimization of horizontal microcode within and beyond basic blocks: an application of processor scheduling with resources},
  institution={New York Univ., NY (USA). Courant Mathematics and Computing Lab.},
  year={1979}
}

@article{hennessy1983postpass,
  author={Hennessy, John and Gross, Thomas},
  title={Postpass code optimization of pipeline constraints},
  journal={ACM Trans. Program. Lang. Syst.;(United States)},
  year={1983},
  volume={3}
}

@book{lam2012systolic,
  author={Lam, Monica S},
  title={A systolic array optimizing compiler},
  publisher={Springer Science \& Business Media},
  year={2012},
  volume={64}
}

@book{bredon2013topology,
  author={Bredon, Glen E},
  title={Topology and geometry},
  publisher={Springer Science \& Business Media},
  year={2013},
  volume={139}
}

@phdthesis{castaneda2018constraint,
  author={Casta{\~n}eda Lozano, Roberto},
  title={Constraint-Based Register Allocation and Instruction Scheduling},
  school={KTH Royal Institute of Technology},
  year={2018}
}

@article{motwani1995combining,
  author={Motwani, Rajeev and Palem, Krishna V and Sarkar, Vivek and Reyen, Salem},
  title={Combining register allocation and instruction scheduling},
  journal={Courant Institute, New York University},
  year={1995}
}

@article{Pinter:1993:RAI:173262.155114,
  author={Pinter, Shlomit S.},
  title={Register Allocation with Instruction Scheduling},
  journal={SIGPLAN Not.},
  year={1993},
  volume={28},
  number={6},
  pages={248--257},
  month={jun}
}

@article{tyson2001evaluating,
  author={Tyson, Gary S and Smelyanskiy, Mikhail and Davidson, Edward S},
  title={Evaluating the use of register queues in software pipelined loops},
  journal={IEEE Transactions on Computers},
  year={2001},
  volume={50},
  number={8},
  pages={769--783}
}

@inproceedings{douillet2007software,
  author={Douillet, Alban and Gao, Guang R},
  title={Software-pipelining on multi-core architectures},
  booktitle={Proceedings of the 16th International Conference on Parallel Architecture and Compilation Techniques},
  year={2007},
  pages={39--48},
  organization={IEEE Computer Society}
}

@inproceedings{bernstein1991global,
  author={Bernstein, David and Rodeh, Michael},
  title={Global instruction scheduling for superscalar machines},
  booktitle={ACM SIGPLAN Notices},
  year={1991},
  volume={26},
  number={6},
  pages={241--255},
  organization={ACM}
}

@inproceedings{gibbons1986efficient,
  author={Gibbons, Philip B and Muchnick, Steven S},
  title={Efficient instruction scheduling for a pipelined architecture},
  booktitle={Acm sigplan notices},
  year={1986},
  volume={21},
  number={7},
  pages={11--16},
  organization={ACM}
}

@incollection{rau1993instruction,
  author={Rau, B Ramakrishna and Fisher, Joseph A},
  title={Instruction-level parallel processing: history, overview, and perspective},
  booktitle={Instruction-Level Parallelism},
  publisher={Springer},
  year={1993},
  pages={9--50}
}

@article{chaitin1981register,
  author={Chaitin, Gregory J and Auslander, Marc A and Chandra, Ashok K and Cocke, John and Hopkins, Martin E and Markstein, Peter W},
  title={Register allocation via coloring},
  journal={Computer languages},
  year={1981},
  volume={6},
  number={1},
  pages={47--57}
}

@inproceedings{brasier1995craig,
  author={Brasier, Thomas S and Sweany, Philip H and Beaty, Steven J and Carr, Steve},
  title={CRAIG: a practical framework for combining instruction scheduling and register assignment.},
  booktitle={PACT},
  year={1995},
  pages={11--18},
  organization={Citeseer}
}

@inproceedings{briggs1989coloring,
  author={Briggs, Preston and Cooper, Keith D and Kennedy, Ken and Torczon, Linda},
  title={Coloring heuristics for register allocation},
  booktitle={PLDI},
  year={1989},
  volume={89},
  pages={275--284},
  organization={Citeseer}
}

@article{Chaitin:1982:RAS:872726.806984,
  author={Chaitin, G. J.},
  title={Register Allocation \& Spilling via Graph Coloring},
  journal={SIGPLAN Not.},
  year={1982},
  volume={17},
  number={6},
  pages={98--101},
  month={jun}
}

@article{malik2008optimal,
  author={Malik, Abid M and McInnes, Jim and Van Beek, Peter},
  title={Optimal basic block instruction scheduling for multiple-issue processors using constraint programming},
  journal={International Journal on Artificial Intelligence Tools},
  year={2008},
  volume={17},
  number={01},
  pages={37--54}
}

@inproceedings{wilken2000optimal,
  author={Wilken, Kent and Liu, Jack and Heffernan, Mark},
  title={Optimal instruction scheduling using integer programming},
  booktitle={Acm sigplan notices},
  year={2000},
  volume={35},
  number={5},
  pages={121--133},
  organization={ACM}
}

@inproceedings{Anand:2007:MES:1321211.1321242,
  author={Anand, Christopher Kumar and Kahl, Wolfram},
  title={MultiLoop: Efficient Software Pipelining for Modern Hardware},
  booktitle={Proceedings of the 2007 Conference of the Center for Advanced Studies on Collaborative Research},
  year={2007},
  series={CASCON '07},
  pages={260--263},
  address={Riverton, NJ, USA},
  publisher={IBM Corp.}
}

@article{Schkufza:2016:SPO:2886013.2863701,
  author={Schkufza, Eric and Sharma, Rahul and Aiken, Alex},
  title={Stochastic Program Optimization},
  journal={Commun. ACM},
  year={2016},
  volume={59},
  number={2},
  pages={114--122},
  month={jan}
}

@article{costa2016approx,
  author={Kriston Costa},
  title={Approximation Algorithm based Approach Instruction Scheduling},
  journal={MacSphere}
}
